@InProceedings{10.1007/978-3-030-58610-2_14,
    author="Yong, Hongwei
    and Huang, Jianqiang
    and Meng, Deyu
    and Hua, Xiansheng
    and Zhang, Lei",
    editor="Vedaldi, Andrea
    and Bischof, Horst
    and Brox, Thomas
    and Frahm, Jan-Michael",
    title="Momentum Batch Normalization for Deep Learning with Small Batch Size",
    booktitle="Computer Vision -- ECCV 2020",
    year="2020",
    publisher="Springer International Publishing",
    address="Cham",
    pages="224--240",
    isbn="978-3-030-58610-2"
}

@INPROCEEDINGS{8742484,
  author={Öztürk, Şaban and Özkaya, Umut and Akdemir, Bayram and Seyfi, Levent},
  booktitle={2018 International Symposium on Fundamentals of Electrical Engineering (ISFEE)}, 
  title={Convolution Kernel Size Effect on Convolutional Neural Network in Histopathological Image Processing Applications}, 
  year={2018},
  pages={1-5},
  doi={10.1109/ISFEE.2018.8742484}
}

@misc{you2019does,
      title={How Does Learning Rate Decay Help Modern Neural Networks?}, 
      author={Kaichao You and Mingsheng Long and Jianmin Wang and Michael I. Jordan},
      year={2019},
      eprint={1908.01878},
      archivePrefix={arXiv},
      primaryClass={cs.LG}
}

@article{DBLP:journals/corr/abs-1810-12890,
  author    = {Golnaz Ghiasi and
               Tsung{-}Yi Lin and
               Quoc V. Le},
  title     = {DropBlock: {A} regularization method for convolutional networks},
  journal   = {CoRR},
  volume    = {abs/1810.12890},
  year      = {2018},
  url       = {http://arxiv.org/abs/1810.12890},
  eprinttype = {arXiv},
  eprint    = {1810.12890},
  timestamp = {Thu, 08 Nov 2018 10:57:46 +0100},
  biburl    = {https://dblp.org/rec/journals/corr/abs-1810-12890.bib},
  bibsource = {dblp computer science bibliography, https://dblp.org}
}

@article{JMLR:v15:srivastava14a,
  author  = {Nitish Srivastava and Geoffrey Hinton and Alex Krizhevsky and Ilya Sutskever and Ruslan Salakhutdinov},
  title   = {Dropout: A Simple Way to Prevent Neural Networks from Overfitting},
  journal = {Journal of Machine Learning Research},
  year    = {2014},
  volume  = {15},
  number  = {56},
  pages   = {1929-1958},
  url     = {http://jmlr.org/papers/v15/srivastava14a.html}
}

@misc{romainthalineaupointclouds,
  title={Deep learning with point clouds},
  howpublished = {\url{https://www.qwertee.io/blog/deep-learning-with-point-clouds/}},
  note={Accessed: 2022-02-06},
  year={2019},
  author={Romain Thalineau}
}

@misc{mediumcompointnet,
  title={An In-Depth Look at PointNet},
  howpublished = {\url{https://medium.com/@luis_gonzales/an-in-depth-look-at-pointnet-111d7efdaa1a}},
  note={Accessed: 2022-02-06},
  year={2019},
  author={Luis Gonzales}
}

@misc{qi2017pointnet,
      title={PointNet: Deep Learning on Point Sets for 3D Classification and Segmentation}, 
      author={Charles R. Qi and Hao Su and Kaichun Mo and Leonidas J. Guibas},
      year={2017},
      eprint={1612.00593},
      archivePrefix={arXiv},
      primaryClass={cs.CV}
}

@INPROCEEDINGS{8954075,
  author={Zhao, Hengshuang and Jiang, Li and Fu, Chi-Wing and Jia, Jiaya},
  booktitle={2019 IEEE/CVF Conference on Computer Vision and Pattern Recognition (CVPR)}, 
  title={PointWeb: Enhancing Local Neighborhood Features for Point Cloud Processing}, 
  year={2019},
  pages={5560-5568},
  doi={10.1109/CVPR.2019.00571}
}

@misc{yan2020pointasnl,
      title={PointASNL: Robust Point Clouds Processing using Nonlocal Neural Networks with Adaptive Sampling}, 
      author={Xu Yan and Chaoda Zheng and Zhen Li and Sheng Wang and Shuguang Cui},
      year={2020},
      eprint={2003.00492},
      archivePrefix={arXiv},
      primaryClass={cs.CV}
}

@misc{qi2017pointnetplus,
      title={PointNet++: Deep Hierarchical Feature Learning on Point Sets in a Metric Space}, 
      author={Charles R. Qi and Li Yi and Hao Su and Leonidas J. Guibas},
      year={2017},
      eprint={1706.02413},
      archivePrefix={arXiv},
      primaryClass={cs.CV}
}

@misc{mediumcomkfoldcrossvalidation,
  title={K-Fold Cross Validation for Deep Learning Models using Keras},
  howpublished = {\url{https://medium.com/the-owl/k-fold-cross-validation-in-keras-3ec4a3a00538}},
  note={Accessed: 2022-02-06},
  year={2020},
  author={Siladittya Manna}
}

@misc{kerasiopointnet,
  title={Point cloud classification with PointNet},
  howpublished = {\url{https://keras.io/examples/vision/pointnet}},
  note={Accessed: 2022-02-06},
  year={2020},
  author={David Griffiths}
}

@misc{towardsdatasciencepointnet,
  title={Deep Learning on Point clouds: Implementing PointNet in Google Colab},
  howpublished = {\url{https://towardsdatascience.com/deep-learning-on-point-clouds-implementing-pointnet-in-google-colab-1fd65cd3a263}},
  note={Accessed: 2022-02-06},
  year={2020},
  author={Nikita Karaev}
}

@misc{wu20153d,
      title={3D ShapeNets: A Deep Representation for Volumetric Shapes}, 
      author={Zhirong Wu and Shuran Song and Aditya Khosla and Fisher Yu and Linguang Zhang and Xiaoou Tang and Jianxiong Xiao},
      year={2015},
      eprint={1406.5670},
      archivePrefix={arXiv},
      primaryClass={cs.CV}
}

@techreport{shapenet2015,
  title       = {{ShapeNet: An Information-Rich 3D Model Repository}},
  author      = {Chang, Angel X. and Funkhouser, Thomas and Guibas, Leonidas and Hanrahan, Pat and Huang, Qixing and Li, Zimo and Savarese, Silvio and Savva, Manolis and Song, Shuran and Su, Hao and Xiao, Jianxiong and Yi, Li and Yu, Fisher},
  number      = {arXiv:1512.03012 [cs.GR]},
  institution = {Stanford University --- Princeton University --- Toyota Technological Institute at Chicago},
  year        = {2015}
}

@Article{s18082730,
    AUTHOR = {De Silva, Varuna and Roche, Jamie and Kondoz, Ahmet},
    TITLE = {Robust Fusion of LiDAR and Wide-Angle Camera Data for Autonomous Mobile Robots},
    JOURNAL = {Sensors},
    VOLUME = {18},
    YEAR = {2018},
    NUMBER = {8},
    ARTICLE-NUMBER = {2730},
    ISSN = {1424-8220}
}

@Article{s21123992,
    AUTHOR = {Mendez, Javier and Molina, Miguel and Rodriguez, Noel and Cuellar, Manuel P. and Morales, Diego P.},
    TITLE = {Camera-LiDAR Multi-Level Sensor Fusion for Target Detection at the Network Edge},
    JOURNAL = {Sensors},
    VOLUME = {21},
    YEAR = {2021},
    NUMBER = {12},
    ARTICLE-NUMBER = {3992},
    URL = {https://www.mdpi.com/1424-8220/21/12/3992},
    PubMedID = {34207851},
    ISSN = {1424-8220}
}

@ARTICLE{9127813,
    AUTHOR={Guo, Yulan and Wang, Hanyun and Hu, Qingyong and Liu, Hao and Liu, Li and Bennamoun, Mohammed}, 
    JOURNAL={IEEE Transactions on Pattern Analysis and Machine Intelligence},
    TITLE={Deep Learning for 3D Point Clouds: A Survey},
    YEAR={2021},
    VOLUME={43},
    NUMBER={12},
    PAGES={4338-4364},
    DOI={10.1109/TPAMI.2020.3005434}
}

@article{abs200106280,
    AUTHOR    = {Saifullahi Aminu Bello and Shangshu Yu and Cheng Wang},
    TITLE     = {Review: deep learning on 3D point clouds},
    JOURNAL   = {CoRR},
    VOLUME    = {abs/2001.06280},
    YEAR      = {2020},
    URL       = {https://arxiv.org/abs/2001.06280},
    TIMESTAMP = {Tue, 16 Jun 2020 09:00:36 +0200},
    BIBURL    = {https://dblp.org/rec/journals/corr/abs-2001-06280.bib},
    BIBSOURCE = {dblp computer science bibliography, https://dblp.org}
}

@InProceedings{Zhang_2019_CVPR_Workshops,
    author = {Zhang, Binbin and Huang, Shikun and Shen, Wen and Wei, Zhihua},
    title = {Explaining the PointNet: What Has Been Learned Inside the PointNet?},
    booktitle = {Proceedings of the IEEE/CVF Conference on Computer Vision and Pattern Recognition (CVPR) Workshops},
    month = {June},
    year = {2019}
}

@article{DBLP:journals/corr/abs-1807-00652,
  author    = {Mingyang Jiang and
               Yiran Wu and
               Cewu Lu},
  title     = {PointSIFT: {A} SIFT-like Network Module for 3D Point Cloud Semantic
               Segmentation},
  journal   = {CoRR},
  volume    = {abs/1807.00652},
  year      = {2018},
  url       = {http://arxiv.org/abs/1807.00652},
  eprinttype = {arXiv},
  eprint    = {1807.00652},
  timestamp = {Mon, 13 Aug 2018 16:46:25 +0200},
  biburl    = {https://dblp.org/rec/journals/corr/abs-1807-00652.bib},
  bibsource = {dblp computer science bibliography, https://dblp.org}
}

@article{DBLP:journals/corr/abs-1711-08588,
  author    = {Weiyue Wang and
               Ronald Yu and
               Qiangui Huang and
               Ulrich Neumann},
  title     = {{SGPN:} Similarity Group Proposal Network for 3D Point Cloud Instance
               Segmentation},
  journal   = {CoRR},
  volume    = {abs/1711.08588},
  year      = {2017},
  url       = {http://arxiv.org/abs/1711.08588},
  eprinttype = {arXiv},
  eprint    = {1711.08588},
  timestamp = {Wed, 15 Dec 2021 17:04:20 +0100},
  biburl    = {https://dblp.org/rec/journals/corr/abs-1711-08588.bib},
  bibsource = {dblp computer science bibliography, https://dblp.org}
}

@article{DBLP:journals/corr/abs-1801-06761,
  author    = {Lequan Yu and
               Xianzhi Li and
               Chi{-}Wing Fu and
               Daniel Cohen{-}Or and
               Pheng{-}Ann Heng},
  title     = {PU-Net: Point Cloud Upsampling Network},
  journal   = {CoRR},
  volume    = {abs/1801.06761},
  year      = {2018},
  url       = {http://arxiv.org/abs/1801.06761},
  eprinttype = {arXiv},
  eprint    = {1801.06761},
  timestamp = {Mon, 13 Aug 2018 16:46:06 +0200},
  biburl    = {https://dblp.org/rec/journals/corr/abs-1801-06761.bib},
  bibsource = {dblp computer science bibliography, https://dblp.org}
}

@article{DBLP:journals/corr/abs-2101-11508,
  author    = {Olivier Rukundo},
  title     = {Effects of Image Size on Deep Learning},
  journal   = {CoRR},
  volume    = {abs/2101.11508},
  year      = {2021},
  url       = {https://arxiv.org/abs/2101.11508},
  eprinttype = {arXiv},
  eprint    = {2101.11508},
  timestamp = {Thu, 14 Oct 2021 09:14:25 +0200},
  biburl    = {https://dblp.org/rec/journals/corr/abs-2101-11508.bib},
  bibsource = {dblp computer science bibliography, https://dblp.org}
}

@article{effectofimagesize,
  author = {Luke, Jerubbaal and Joseph, Rajkumar and Balaji, Mahesh},
  year = {2019},
  month = {02},
  pages = {70-80},
  title = {Impact of image size on accuracy and generalization of Convolutional Neural Networks},
  volume = {6}
}

@article{imagedataaugmentationsurvey,
  author = {Connor Shorten, Taghi M. Khoshgoftaar},
  year = {2019},
  title = {A survey on Image Data Augmentation for Deep Learning},
  journal = {Journal of Big Data}
}

@article{DBLP:journals/corr/abs-2002-11770,
  author    = {Hao Li and
               Pratik Chaudhari and
               Hao Yang and
               Michael Lam and
               Avinash Ravichandran and
               Rahul Bhotika and
               Stefano Soatto},
  title     = {Rethinking the Hyperparameters for Fine-tuning},
  journal   = {CoRR},
  volume    = {abs/2002.11770},
  year      = {2020},
  url       = {https://arxiv.org/abs/2002.11770},
  eprinttype = {arXiv},
  eprint    = {2002.11770},
  timestamp = {Tue, 03 Mar 2020 14:32:13 +0100},
  biburl    = {https://dblp.org/rec/journals/corr/abs-2002-11770.bib},
  bibsource = {dblp computer science bibliography, https://dblp.org}
}